<record><leader>00000cas a22000007a 4500</leader><controlfield tag="001">22948432</controlfield><controlfield tag="008">910111d19171919aruwr ne      0    0eng d</controlfield><datafield ind1=" " ind2=" " tag="010"><subfield code="a">sn 90050368 </subfield></datafield><datafield ind1=" " ind2=" " tag="040"><subfield code="a">ANU</subfield><subfield code="b">eng</subfield><subfield code="c">ANU</subfield><subfield code="d">OCLCQ</subfield><subfield code="d">OCLCF</subfield><subfield code="d">OCLCO</subfield></datafield><datafield ind1="1" ind2=" " tag="029"><subfield code="a">AU@</subfield><subfield code="b">000025849467</subfield></datafield><datafield ind1=" " ind2=" " tag="042"><subfield code="a">msc</subfield></datafield><datafield ind1=" " ind2=" " tag="043"><subfield code="a">n-us-ar</subfield></datafield><datafield ind1="0" ind2=" " tag="130"><subfield code="a">Forrest City herald (Forrest City, Ark. : 1917)</subfield></datafield><datafield ind1="1" ind2="0" tag="245"><subfield code="a">Forrest City herald.</subfield></datafield><datafield ind1="1" ind2="3" tag="246"><subfield code="a">Forrest City times and herald</subfield><subfield code="f">&lt;May 2, 1919&gt;</subfield></datafield><datafield ind1=" " ind2=" " tag="260"><subfield code="a">Forrest City, Ark. :</subfield><subfield code="b">John T. Durst</subfield></datafield><datafield ind1=" " ind2=" " tag="300"><subfield code="a">v.</subfield></datafield><datafield ind1=" " ind2=" " tag="310"><subfield code="a">Weekly</subfield></datafield><datafield ind1="0" ind2=" " tag="362"><subfield code="a">Vol. 11, no. 31 (June 21, 1917)-v. 13, no. 21 (May 2, 1919).</subfield></datafield><datafield ind1=" " ind2="0" tag="651"><subfield code="a">Forrest City (Ark.)</subfield><subfield code="v">Newspapers.</subfield></datafield><datafield ind1=" " ind2="7" tag="655"><subfield code="a">Newspapers.</subfield><subfield code="2">fast</subfield><subfield code="0">(OCoLC)fst01423814</subfield></datafield><datafield ind1=" " ind2="7" tag="651"><subfield code="a">Arkansas</subfield><subfield code="z">Forrest City.</subfield><subfield code="2">fast</subfield><subfield code="0">(OCoLC)fst01220205</subfield></datafield><datafield ind1=" " ind2=" " tag="752"><subfield code="a">United States</subfield><subfield code="b">Arkansas</subfield><subfield code="c">Saint Francis</subfield><subfield code="d">Forrest City.</subfield></datafield><datafield ind1="0" ind2="0" tag="780"><subfield code="t">Weekly herald (Forrest City, Ark.)</subfield><subfield code="w">(DLC)sn 90050357</subfield></datafield><datafield ind1="0" ind2="7" tag="785"><subfield code="t">Forrest City times</subfield><subfield code="w">(DLC)sn 84022960</subfield></datafield><datafield ind1="0" ind2="7" tag="785"><subfield code="t">Forrest City times and herald</subfield><subfield code="w">(DLC)sn 90050367</subfield></datafield></record>